<collection xmlns="http://www.loc.gov/MARC21/slim">
   <record>
      <leader>03738cam a2200553 i 4500</leader>
      <controlfield tag="001">6808274</controlfield>
      <controlfield tag="003">OCoLC</controlfield>
      <controlfield tag="005">20150206103713.0</controlfield>
      <controlfield tag="008">140612t20152015flua     b    001 0 eng  </controlfield>
      <datafield ind1=" " ind2=" " tag="010">
         <subfield code="a">  2014023176</subfield>
      </datafield>
      <datafield ind1="7" ind2=" " tag="016">
         <subfield code="a">101634678</subfield>
         <subfield code="2">DNLM</subfield>
      </datafield>
      <datafield ind1="7" ind2=" " tag="016">
         <subfield code="a">016454148</subfield>
         <subfield code="2">Uk</subfield>
      </datafield>
      <datafield ind1=" " ind2=" " tag="020">
         <subfield code="a">9781466567702 (Paperback : alk. paper)</subfield>
      </datafield>
      <datafield ind1=" " ind2=" " tag="020">
         <subfield code="a">1466567708 (Paperback : alk. paper)</subfield>
      </datafield>
      <datafield ind1=" " ind2=" " tag="035">
         <subfield code="a">ocn881469715</subfield>
      </datafield>
      <datafield ind1=" " ind2=" " tag="040">
         <subfield code="a">DNLM/DLC</subfield>
         <subfield code="b">eng</subfield>
         <subfield code="e">rda</subfield>
         <subfield code="c">DLC</subfield>
         <subfield code="d">NLM</subfield>
         <subfield code="d">YDXCP</subfield>
         <subfield code="d">BTCTA</subfield>
         <subfield code="d">UKMGB</subfield>
         <subfield code="d">VET</subfield>
         <subfield code="d">CRCPR</subfield>
         <subfield code="d">UAB</subfield>
         <subfield code="d">AEU</subfield>
      </datafield>
      <datafield ind1=" " ind2=" " tag="042">
         <subfield code="a">pcc</subfield>
      </datafield>
      <datafield ind1="0" ind2="0" tag="050">
         <subfield code="a">RA971</subfield>
         <subfield code="b">.Z527 2015</subfield>
      </datafield>
      <datafield ind1="0" ind2="0" tag="060">
         <subfield code="a">2015 A-676</subfield>
      </datafield>
      <datafield ind1="1" ind2="0" tag="060">
         <subfield code="a">W 84.41</subfield>
      </datafield>
      <datafield ind1="0" ind2="0" tag="082">
         <subfield code="a">362.1068</subfield>
         <subfield code="2">23</subfield>
      </datafield>
      <datafield ind1=" " ind2=" " tag="090">
         <subfield code="a">RA 971 Z527 2015</subfield>
         <subfield code="b">AEU</subfield>
      </datafield>
      <datafield ind1="1" ind2=" " tag="100">
         <subfield code="a">Ziaee, Reza,</subfield>
         <subfield code="d">1949-</subfield>
         <subfield code="e">author.</subfield>
         <subfield code="0">http://id.loc.gov/authorities/names/n2014185569</subfield>
         <subfield code="0">http://viaf.org/viaf/309829368</subfield>
      </datafield>
      <datafield ind1="1" ind2="0" tag="245">
         <subfield code="a">Preparing for continuous quality improvement for healthcare :</subfield>
         <subfield code="b">sustainability through functional tree structures /</subfield>
         <subfield code="c">Reza Ziaee, MA, MSE, MBB, PhD, FHIMSS, James Bologna, MBA.</subfield>
      </datafield>
      <datafield ind1=" " ind2="1" tag="264">
         <subfield code="a">Boca Raton :</subfield>
         <subfield code="b">CRC Press/Taylor &amp; Francis Group,</subfield>
         <subfield code="c">[2015]</subfield>
      </datafield>
      <datafield ind1=" " ind2="4" tag="264">
         <subfield code="c">©2015</subfield>
      </datafield>
      <datafield ind1=" " ind2=" " tag="300">
         <subfield code="a">xi, 168 pages :</subfield>
         <subfield code="b">illustrations ;</subfield>
         <subfield code="c">24 cm</subfield>
      </datafield>
      <datafield ind1=" " ind2=" " tag="336">
         <subfield code="a">text</subfield>
         <subfield code="2">rdacontent</subfield>
         <subfield code="0">http://id.loc.gov/vocabulary/contentTypes/txt</subfield>
      </datafield>
      <datafield ind1=" " ind2=" " tag="336">
         <subfield code="a">still image</subfield>
         <subfield code="2">rdacontent</subfield>
         <subfield code="0">http://id.loc.gov/vocabulary/contentTypes/sti</subfield>
      </datafield>
      <datafield ind1=" " ind2=" " tag="337">
         <subfield code="a">unmediated</subfield>
         <subfield code="2">rdamedia</subfield>
         <subfield code="0">http://id.loc.gov/vocabulary/mediaTypes/n</subfield>
      </datafield>
      <datafield ind1=" " ind2=" " tag="338">
         <subfield code="a">volume</subfield>
         <subfield code="2">rdacarrier</subfield>
         <subfield code="0">http://id.loc.gov/vocabulary/carriers/nc</subfield>
      </datafield>
      <datafield ind1=" " ind2=" " tag="504">
         <subfield code="a">Includes bibliographical references and index.</subfield>
      </datafield>
      <datafield ind1="0" ind2=" " tag="505">
         <subfield code="a">Failure -- Defining and delivering quality in healthcare -- Phantom successes -- Cleaning up : developing a stable, optimized, aligned process -- Know your processes -- Functional tree structures -- Selecting a process improvement tool -- Wrapping up.</subfield>
      </datafield>
      <datafield ind1=" " ind2=" " tag="520">
         <subfield code="a">"Improvements made in a stable environment will last and have a significant influence on the productivity and quality of an entire healthcare organization. This book provides a detailed presentation of Functional Tree Structures (FTS) and the functional interrelationships and interactions within an organizational structure. Describing how to identify department's functional deficits, shortcomings, and waste, it guides readers to select the best course of action for their organization. The text illustrates key concepts with examples, case studies, and flow charts"--Provided by publisher.</subfield>
      </datafield>
      <datafield ind1=" " ind2=" " tag="596">
         <subfield code="a">42</subfield>
      </datafield>
      <datafield ind1="1" ind2="2" tag="650">
         <subfield code="a">Quality Assurance, Health Care</subfield>
         <subfield code="x">organization &amp; administration.</subfield>
         <subfield code="0">http://id.nlm.nih.gov/mesh/D011785Q000458</subfield>
      </datafield>
      <datafield ind1="2" ind2="2" tag="650">
         <subfield code="a">Delivery of Health Care</subfield>
         <subfield code="x">organization &amp; administration.</subfield>
         <subfield code="0">http://id.nlm.nih.gov/mesh/D003695Q000458</subfield>
      </datafield>
      <datafield ind1="2" ind2="2" tag="650">
         <subfield code="a">Health Services Administration.</subfield>
         <subfield code="0">http://id.nlm.nih.gov/mesh/D006298</subfield>
      </datafield>
      <datafield ind1="2" ind2="2" tag="650">
         <subfield code="a">Organizational Innovation.</subfield>
         <subfield code="0">http://id.nlm.nih.gov/mesh/D009936</subfield>
      </datafield>
      <datafield ind1="2" ind2="2" tag="650">
         <subfield code="a">Quality of Health Care</subfield>
         <subfield code="x">organization &amp; administration.</subfield>
         <subfield code="0">http://id.nlm.nih.gov/mesh/D011787Q000458</subfield>
      </datafield>
      <datafield ind1=" " ind2="0" tag="650">
         <subfield code="a">Medical care</subfield>
         <subfield code="x">Quality control.</subfield>
         <subfield code="0">http://id.loc.gov/authorities/subjects/sh85082880</subfield>
      </datafield>
      <datafield ind1=" " ind2="0" tag="650">
         <subfield code="a">Quality assurance.</subfield>
         <subfield code="0">http://id.loc.gov/authorities/subjects/sh85109438</subfield>
      </datafield>
      <datafield ind1=" " ind2="0" tag="650">
         <subfield code="a">Health services administration.</subfield>
         <subfield code="0">http://id.loc.gov/authorities/subjects/sh85059600</subfield>
      </datafield>
      <datafield ind1=" " ind2="0" tag="650">
         <subfield code="a">Organizational change.</subfield>
         <subfield code="0">http://id.loc.gov/authorities/subjects/sh85095525</subfield>
      </datafield>
      <datafield ind1="1" ind2=" " tag="700">
         <subfield code="a">Bologna, James S.,</subfield>
         <subfield code="d">1959-</subfield>
         <subfield code="e">author.</subfield>
         <subfield code="0">http://id.loc.gov/authorities/names/n2014185570</subfield>
         <subfield code="0">http://viaf.org/viaf/309829369</subfield>
      </datafield>
      <datafield ind1=" " ind2=" " tag="758">
         <subfield code="0">http://worldcat.org/entity/work/id/23784892</subfield>
      </datafield>
      <datafield ind1="0" ind2=" " tag="787">
         <subfield code="n">OCLC Work Id</subfield>
         <subfield code="o">http://worldcat.org/entity/work/id/23784892</subfield>
      </datafield>
      <datafield ind1=" " ind2=" " tag="949">
         <subfield code="a">RA 971 Z527 2015</subfield>
         <subfield code="h">UAHL-B</subfield>
         <subfield code="i">0162035240520</subfield>
      </datafield>
      <datafield ind1=" " ind2=" " tag="926">
         <subfield code="a">RA 971 Z527 2015</subfield>
         <subfield code="w">LC</subfield>
         <subfield code="c">1</subfield>
         <subfield code="i">0162035240520</subfield>
         <subfield code="d">3/26/2017</subfield>
         <subfield code="e">3/26/2017</subfield>
         <subfield code="k">CHECKEDOUT</subfield>
         <subfield code="l">ON_SHELF</subfield>
         <subfield code="m">UAHLTHSC</subfield>
         <subfield code="n">5</subfield>
         <subfield code="p">$150.00</subfield>
         <subfield code="r">M</subfield>
         <subfield code="s">Y</subfield>
         <subfield code="t">BOOK</subfield>
         <subfield code="u">2/19/2015</subfield>
      </datafield>
   </record>
</collection>
